<?xml version="1.0" encoding="UTF-8"?><record xmlns="http://www.loc.gov/MARC21/slim" xmlns:cinclude="http://apache.org/cocoon/include/1.0" xmlns:zs="http://www.loc.gov/zing/srw/">
  <leader>00579cz  a2200133n  4500</leader>
  <controlfield tag="001">no 92018079 </controlfield>
  <controlfield tag="003">DLC</controlfield>
  <controlfield tag="005">20010809094940.0</controlfield>
  <controlfield tag="008">920722n| acannaab           |n aaa     c</controlfield>
  <datafield tag="010" ind1=" " ind2=" ">
    <subfield code="a">no 92018079 </subfield>
  </datafield>
  <datafield tag="040" ind1=" " ind2=" ">
    <subfield code="a">OO</subfield>
    <subfield code="c">OO</subfield>
    <subfield code="d">OO</subfield>
  </datafield>
  <datafield tag="100" ind1="1" ind2="0">
    <subfield code="a">Hassett, Kevin A.</subfield>
  </datafield>
  <datafield tag="670" ind1=" " ind2=" ">
    <subfield code="a">His Energy tax credits and residential conservation investment, 1992:</subfield>
    <subfield code="b">t.p. (Kevin A. Hassett) p. following t.p. (Kevin A. Hassett, Grad. Sch. of Bus., Columbia University)</subfield>
  </datafield>
  <datafield tag="670" ind1=" " ind2=" ">
    <subfield code="a">Investment with uncertain tax policy, 1994:</subfield>
    <subfield code="b">t.p. (Kevin Hassett) p. following t.p. (Board of Governors of the Federal Reserve System)</subfield>
  </datafield>
</record>